@inproceedings{yan2012droidscope,
  title={DroidScope: Seamlessly Reconstructing the $\{$OS$\}$ and Dalvik Semantic Views for Dynamic Android Malware Analysis[J]},
  author={Yan, Lok Kwong and Yin, Heng},
  booktitle={Presented as part of the 21st $\{$USENIX$\}$ Security Symposium ($\{$USENIX$\}$ Security 12)},
  pages={569--584},
  year={2012}
}

@article{irolla2016glassbox,
	title={Glassbox: Dynamic analysis platform for malware android applications on real devices},
	author={Irolla, Paul and Filiol, Eric},
	journal={arXiv preprint arXiv:1609.04718},
	year={2016}
}


@Misc{smartphone2018statistics,
	author = {newzoo},
	title = {Top 50 Countries/Markets by Smartphone Users and Penetration},
	year = {2018},
	howpublished = {https://newzoo.com/insights/rankings/top-50-countries-by-smartphone-penetration-and-users/},
}
